
@misc{memento,
  title = {{C}umulative},
  date = {2013-04-03},
  howpublished = {http://timetravel.mementoweb.org/guide/api/},
  url = {http://timetravel.mementoweb.org/guide/api/}
}




